# Style for keys: Lastname_YYYY_PRL,

# Letter A

@misc{Amico_2023_arxiv,
  author        = {{Amico}, Mirko and {Zhang}, Helena and {Jurcevic}, Petar and {Bishop}, Lev S. and {Nation}, Paul and {Wack}, Andrew and {McKay}, David C.},
  title         = {{Defining Standard Strategies for Quantum Benchmarks}},
  year          = {2023},
  month         = {mar},
  archiveprefix = {arXiv},
  eprint        = {2303.02108},
  primaryclass  = {quant-ph},
}

# Letter B



@article{Bernien_2017_Nat,
	author = {Bernien, Hannes and Schwartz, Sylvain and Keesling, Alexander and Levine, Harry and Omran, Ahmed and Pichler, Hannes and Choi, Soonwon and Zibrov, Alexander S. and Endres, Manuel and Greiner, Markus and Vuleti{\'c}, Vladan and Lukin, Mikhail D.},
	da = {2017/11/01},
	date-added = {2023-06-24 12:50:05 +0200},
	date-modified = {2023-06-24 12:50:05 +0200},
	doi = {10.1038/nature24622},
	id = {Bernien2017},
	isbn = {1476-4687},
	journal = {Nature},
	number = {7682},
	pages = {579--584},
	title = {Probing many-body dynamics on a 51-atom quantum simulator},
	ty = {JOUR},
	url = {https://doi.org/10.1038/nature24622},
	volume = {551},
	year = {2017},
	Bdsk-Url-1 = {https://doi.org/10.1038/nature24622}}



@article{Bonet_2018_PRA,
  title     = {Low-cost error mitigation by symmetry verification},
  author    = {Bonet-Monroig, X. and Sagastizabal, R. and Singh, M. and O'Brien, T. E.},
  journal   = {Phys. Rev. A},
  volume    = {98},
  issue     = {6},
  pages     = {062339},
  numpages  = {10},
  year      = {2018},
  month     = {Dec},
  publisher = {American Physical Society},
  doi       = {10.1103/PhysRevA.98.062339},
  url       = {https://link.aps.org/doi/10.1103/PhysRevA.98.062339},
}

@article{Bravyi_2021,
  title     = {Mitigating measurement errors in multiqubit experiments},
  author    = {Sergey Bravyi and Sarah Sheldon and Abhinav Kandala and David C. Mckay and Jay M. Gambetta},
  doi       = {10.1103/physreva.103.042605},
  url       = {https://doi.org/10.1103%2Fphysreva.103.042605},
  year      = 2021,
  month     = {apr},
  publisher = {American Physical Society ({APS})},
  volume    = {103},
  number    = {4},
  journal   = {Physical Review A},
}


@article{Brif_2010_NJP,
  title     = {Control of quantum phenomena: past, present and future},
  volume    = {12},
  issn      = {1367-2630},
  url       = {https://doi.org/10.1088/1367-2630/12/7/075008},
  doi       = {10.1088/1367-2630/12/7/075008},
  number    = {7},
  journal   = {New Journal of Physics},
  publisher = {IOP Publishing},
  author    = {Brif, Constantin and Chakrabarti, Raj and Rabitz, Herschel},
  year      = {2010},
  month     = {Jul},
  pages     = {075008},
}

@book{Breuer_2007_Oxford,
  author    = {Breuer, H.P. and Petruccione, F.},
  isbn      = {9780199213900},
  publisher = {OUP Oxford},
  title     = {The Theory of Open Quantum Systems},
  year      = {2007},
}

@article{Buluta_2011_RPP,
  title     = {Natural and artificial atoms for quantum computation},
  volume    = {74},
  issn      = {1361-6633},
  url       = {https://doi.org/10.1088/0034-4885/74/10/104401},
  doi       = {10.1088/0034-4885/74/10/104401},
  number    = {10},
  journal   = {Reports on Progress in Physics},
  publisher = {IOP Publishing},
  author    = {Buluta, Iulia and Ashhab, Sahel and Nori, Franco},
  year      = {2011},
  month     = {Sep},
  pages     = {104401},
}


# Letter C

@article{Cafaro_2014_PRA,
  title     = {Approximate quantum error correction for generalized amplitude-damping errors},
  author    = {Cafaro, Carlo and van Loock, Peter},
  journal   = {Phys. Rev. A},
  volume    = {89},
  issue     = {2},
  pages     = {022316},
  numpages  = {32},
  year      = {2014},
  month     = {Feb},
  publisher = {American Physical Society},
  doi       = {10.1103/PhysRevA.89.022316},
  url       = {https://link.aps.org/doi/10.1103/PhysRevA.89.022316},
}

@article{Calderon_2023_Quantum,
  title       = {Quantum circuit debugging and sensitivity analysis via local inversions},
  author      = {Calderon-Vargas, Fernando A and Proctor, Timothy and Rudinger, Kenneth and Sarovar, Mohan},
  journal     = {Quantum},
  volume      = {7},
  pages       = {921},
  year        = {2023},
  publisher   = {Verein zur F{\"o}rderung des Open Access Publizierens in den Quantenwissenschaften},
  url         = {https://doi.org/10.22331/q-2023-02-09-921},
}

@book{Carmichael_1999_Springer,
  title      = {Statistical Methods in Quantum Optics 1: Master Equations and Fokker-Planck Equations},
  isbn       = {978-3-540-54882-9},
  shorttitle = {Statistical Methods in Quantum Optics 1},
  publisher  = {Springer-Verlag},
  author     = {Carmichael, Howard J.},
  year       = {1999},
  langid     = {english},
}


@book{Carmichael_2007_Springer,
  title     = {Statistical Methods in Quantum Optics 2: Non-Classical Fields},
  author    = {Carmichael, H.J.},
  isbn      = {9783540713197},
  lccn      = {98040873},
  year      = {2007},
  publisher = {Springer Berlin Heidelberg},
}


@article{Chen_2022_PRR,
  title = {Error-mitigated simulation of quantum many-body scars on quantum computers with pulse-level control},
  author = {Chen, I-Chi and Burdick, Benjamin and Yao, Yongxin and Orth, Peter P. and Iadecola, Thomas},
  journal = {Phys. Rev. Res.},
  volume = {4},
  issue = {4},
  pages = {043027},
  numpages = {17},
  year = {2022},
  month = {Oct},
  publisher = {American Physical Society},
  doi = {10.1103/PhysRevResearch.4.043027},
  url = {https://link.aps.org/doi/10.1103/PhysRevResearch.4.043027}
}


@misc{Combes_2017_arXiv_logical_rb,
      title={Logical Randomized Benchmarking}, 
      author={Joshua Combes and Christopher Granade and Christopher Ferrie and Steven T. Flammia},
      year={2017},
      eprint={1702.03688},
      archivePrefix={arXiv},
      primaryClass={quant-ph}
}


@article{Cross_2019_Validating,
  title     = {Validating quantum computers using randomized model circuits},
  author    = {Cross, Andrew W and Bishop, Lev S and Sheldon, Sarah and Nation, Paul D and Gambetta, Jay M},
  journal   = {Physical Review A},
  volume    = {100},
  number    = {3},
  pages     = {032328},
  year      = {2019},
  publisher = {APS},
  url       = {https://journals.aps.org/pra/abstract/10.1103/PhysRevA.100.032328},
  doi       = {https://doi.org/10.1103/PhysRevA.100.032328},
}

@article{Cruz_2019_Efficient,
  title     = {Efficient Quantum Algorithms for GHZ and W States, and Implementation on the IBM Quantum Computer},
  author    = {Cruz, Diogo and Fournier, Romain and  Gremion, Fabien and  Jeannerot, Alix and  Komagata, Kenichi and  Tosic, Tara and  Thiesbrummel, Jarla and Chan, Chun Lam and  Macris, Nicolas and  Dupertuis, Marc-André and Javerzac-Galy, Clément},
  journal   = {Advanced Quantum Technologies},
  volume    = {2},
  number    = {5-6},
  pages     = {1900015},
  year      = {2019},
  publisher = {Wiley},
  url       = {https://arxiv.org/abs/1807.05572},
  doi       = {https://doi.org/10.48550/arXiv.1807.05572},
}


@article{Czarnik_2021_Quantum,
  title     = {Error mitigation with {C}lifford quantum-circuit data},
  volume    = {5},
  issn      = {2521-327X},
  url       = {http://dx.doi.org/10.22331/q-2021-11-26-592},
  doi       = {10.22331/q-2021-11-26-592},
  journal   = {Quantum},
  publisher = {Verein zur Forderung des Open Access Publizierens in den Quantenwissenschaften},
  author    = {Czarnik, Piotr and Arrasmith, Andrew and Coles, Patrick J. and Cincio, Lukasz},
  year      = {2021},
  month     = {Nov},
  pages     = {592},
}

# Letter D
@inproceedings{Das_2021_ACM,
  author    = {Das, Poulami and Tannu, Swamit and Dangwal, Siddharth and Qureshi, Moinuddin},
  title     = {ADAPT: Mitigating Idling Errors in Qubits via Adaptive Dynamical Decoupling},
  year      = {2021},
  isbn      = {9781450385572},
  publisher = {Association for Computing Machinery},
  address   = {New York, NY, USA}, 
  url       = {https://doi.org/10.1145/3466752.3480059},
  doi       = {10.1145/3466752.3480059},
  booktitle = {MICRO-54: 54th Annual IEEE/ACM International Symposium on Microarchitecture},
  pages     = {950–962},
  numpages  = {13},
  keywords  = {Quantum computing, NISQ, Idling errors, Dynamical decoupling},
  location  = {Virtual Event, Greece},
  series    = {MICRO '21},
}

@article{De2020polynomial,
  title     = {Polynomial interpolation via mapped bases without resampling},
  author    = {De Marchi, Stefano and Marchetti, Francesco and Perracchione, Emma and Poggiali, Davide},
  journal   = {Journal of Computational and Applied Mathematics},
  volume    = {364},
  pages     = {112347},
  year      = {2020},
  publisher = {Elsevier},
}
# Letter E

@article{Endo_2018_PRX,
  title     = {Practical Quantum Error Mitigation for Near-Future Applications},
  author    = {Endo, Suguru and Benjamin, Simon C. and Li, Ying},
  journal   = {Phys. Rev. X},
  volume    = {8},
  issue     = {3},
  pages     = {031027},
  numpages  = {21},
  year      = {2018},
  month     = {Jul},
  publisher = {American Physical Society},
  doi       = {10.1103/PhysRevX.8.031027},
  url       = {https://link.aps.org/doi/10.1103/PhysRevX.8.031027},
}

@article{Endo_2021_JPSJ,
  title     = {Hybrid Quantum-Classical Algorithms and Quantum Error Mitigation},
  volume    = {90},
  issn      = {1347-4073},
  url       = {https://doi.org/10.7566/JPSJ.90.032001},
  doi       = {10.7566/jpsj.90.032001},
  number    = {3},
  journal   = {Journal of the Physical Society of Japan},
  publisher = {Japan Society of Applied Physics},
  author    = {Endo, Suguru and Cai, Zhenyu and Benjamin, Simon C. and Yuan, Xiao},
  year      = {2021},
  month     = {Mar},
  pages     = {032001},
}


# Letter F

@misc{Farhi_2014_arXiv,
  title         = {A Quantum Approximate Optimization Algorithm},
  author        = {Edward Farhi and Jeffrey Goldstone and Sam Gutmann},
  year          = {2014},
  eprint        = {1411.4028},
  archiveprefix = {arXiv},
  primaryclass  = {quant-ph},
}

@article{Fowler_2012_PRA,
  title = {Surface codes: Towards practical large-scale quantum computation},
  author = {Fowler, Austin G. and Mariantoni, Matteo and Martinis, John M. and Cleland, Andrew N.},
  journal = {Phys. Rev. A},
  volume = {86},
  issue = {3},
  pages = {032324},
  numpages = {48},
  year = {2012},
  month = {Sep},
  publisher = {American Physical Society},
  doi = {10.1103/PhysRevA.86.032324},
  url = {https://link.aps.org/doi/10.1103/PhysRevA.86.032324}
}



# Letter G
@article{Garc_a_Mart_n_2024,
   title={Effects of noise on the overparametrization of quantum neural networks},
   volume={6},
   ISSN={2643-1564},
   url={http://dx.doi.org/10.1103/PhysRevResearch.6.013295},
   DOI={10.1103/physrevresearch.6.013295},
   number={1},
   journal={Physical Review Research},
   publisher={American Physical Society (APS)},
   author={García-Martín, Diego and Larocca, Martín and Cerezo, M.},
   year={2024},
   month=mar }


@book{Gardiner_2004_Springer,
  title     = {Quantum Noise: A Handbook of Markovian and Non-{M}arkovian Quantum Stochastic Methods with Applications to Quantum Optics},
  author    = {Gardiner, C. and Zoller, P.},
  isbn      = {9783540223016},
  lccn      = {2004108253},
  year      = {2004},
  publisher = {Springer},
}

@article{Garion_2021,
  title     = {Experimental implementation of non-Clifford interleaved randomized benchmarking with a controlled-S gate},
  author    = {Shelly Garion and Naoki Kanazawa and Haggai Landa and David C. McKay and Sarah Sheldon and Andrew W. Cross and Christopher J. Wood},
  doi       = {10.1103/physrevresearch.3.013204},
  url       = {https://doi.org/10.1103%2Fphysrevresearch.3.013204},
  year      = 2021,
  month     = {mar},
  publisher = {American Physical Society ({APS})},
  volume    = {3},
  number    = {1},
  journal   = {Physical Review Research},
}

@article{Geller_2021,
  title     = {Toward efficient correction of multiqubit measurement errors: pair correlation method},
  author    = {Michael R Geller and Mingyu Sun},
  doi       = {10.1088/2058-9565/abd5c9},
  url       = {https://doi.org/10.1088%2F2058-9565%2Fabd5c9},
  year      = 2021,
  month     = {feb},
  publisher = {{IOP} Publishing},
  volume    = {6},
  number    = {2},
  pages     = {025009},
  journal   = {Quantum Science and Technology},
}

@misc{Giurgica_Tiron_2020_arXiv,
  title         = {Digital zero noise extrapolation for quantum error mitigation},
  author        = {Tudor Giurgica-Tiron and Yousef Hindy and Ryan LaRose and Andrea Mari and William J. Zeng},
  year          = {2020},
  eprint        = {2005.10921},
  archiveprefix = {arXiv},
  primaryclass  = {quant-ph},
}

@article{GoogleQuantum_2021_nature,
  doi       = {10.1038/s41586-021-03588-y},
  url       = {https://doi.org/10.1038/s41586-021-03588-y},
  year      = {2021},
  month     = {jul},
  publisher = {Springer Science and Business Media {LLC}},
  volume    = {595},
  number    = {7867},
  pages     = {383--387},
  author    = {Zijun Chen and Kevin J. Satzinger and Juan Atalaya and Alexander N. Korotkov and Andrew Dunsworth and Daniel Sank and Chris Quintana and Matt McEwen and Rami Barends and Paul V. Klimov and Sabrina Hong and Cody Jones and Andre Petukhov and Dvir Kafri and Sean Demura and Brian Burkett and Craig Gidney and Austin G. Fowler and Alexandru Paler and Harald Putterman and Igor Aleiner and Frank Arute and Kunal Arya and Ryan Babbush and Joseph C. Bardin and Andreas Bengtsson and Alexandre Bourassa and Michael Broughton and Bob B. Buckley and David A. Buell and Nicholas Bushnell and Benjamin Chiaro and Roberto Collins and William Courtney and Alan R. Derk and Daniel Eppens and Catherine Erickson and Edward Farhi and Brooks Foxen and Marissa Giustina and Ami Greene and Jonathan A. Gross and Matthew P. Harrigan and Sean D. Harrington and Jeremy Hilton and Alan Ho and Trent Huang and William J. Huggins and L. B. Ioffe and Sergei V. Isakov and Evan Jeffrey and Zhang Jiang and Kostyantyn Kechedzhi and Seon Kim and Alexei Kitaev and Fedor Kostritsa and David Landhuis and Pavel Laptev and Erik Lucero and Orion Martin and Jarrod R. McClean and Trevor McCourt and Xiao Mi and Kevin C. Miao and Masoud Mohseni and Shirin Montazeri and Wojciech Mruczkiewicz and Josh Mutus and Ofer Naaman and Matthew Neeley and Charles Neill and Michael Newman and Murphy Yuezhen Niu and Thomas E. O'Brien and Alex Opremcak and Eric Ostby and B{\'{a}}lint Pat{\'{o}} and Nicholas Redd and Pedram Roushan and Nicholas C. Rubin and Vladimir Shvarts and Doug Strain and Marco Szalay and Matthew D. Trevithick and Benjamin Villalonga and Theodore White and Z. Jamie Yao and Ping Yeh and Juhwan Yoo and Adam Zalcman and Hartmut Neven and Sergio Boixo and Vadim Smelyanskiy and Yu Chen and Anthony Megrant and Julian Kelly},
  title     = {Exponential suppression of bit or phase errors with cyclic error correction},
  journal   = {Nature},
}

# Letter H
@article{Hashim_2021_PRX,
  title = {Randomized Compiling for Scalable Quantum Computing on a Noisy Superconducting Quantum Processor},
  author = {Hashim, Akel and Naik, Ravi K. and Morvan, Alexis and Ville, Jean-Loup and Mitchell, Bradley and Kreikebaum, John Mark and Davis, Marc and Smith, Ethan and Iancu, Costin and O'Brien, Kevin P. and Hincks, Ian and Wallman, Joel J. and Emerson, Joseph and Siddiqi, Irfan},
  journal = {Phys. Rev. X},
  volume = {11},
  issue = {4},
  pages = {041039},
  numpages = {12},
  year = {2021},
  month = {Nov},
  publisher = {American Physical Society},
  doi = {10.1103/PhysRevX.11.041039},
  url = {https://link.aps.org/doi/10.1103/PhysRevX.11.041039}
}

@article{Huggins_2021,
   title={Virtual Distillation for Quantum Error Mitigation},
   volume={11},
   ISSN={2160-3308},
   url={http://dx.doi.org/10.1103/PhysRevX.11.041036},
   DOI={10.1103/physrevx.11.041036},
   number={4},
   journal={Physical Review X},
   publisher={American Physical Society (APS)},
   author={Huggins, William J. and McArdle, Sam and O’Brien, Thomas E. and Lee, Joonho and Rubin, Nicholas C. and Boixo, Sergio and Whaley, K. Birgitta and Babbush, Ryan and McClean, Jarrod R.},
   year={2021},
   month=nov }

# Letter I
# Letter J

@book{James_2021_statlearning,
  author    = {James, Gareth and Witten, Daniela and Hastie, Trevor and Tibshirani, Robert},
  title     = {An Introduction to Statistical Learning with Applications in RAn Introduction to Statistical Learning with Applications in R},
  year      = {2021},
  publisher = {Springer},
  url       = {https://www.statlearning.com/}
}

@misc{Javanmard_2022_arxiv,
  author        = {Javanmard, Younes and Liaubaite, Ugne and {Osborne}, {Tobias J.} and Santos, {Luis}},
  title         = {Quantum simulation of dynamical phase transitions in noisy quantum devices},
  year          = {2022},
  month         = {nov},
  archiveprefix = {arXiv},
  eprint        = {2211.08318},
  primaryclass  = {quant-ph},
}

@misc{Jurcevic_2021_arxiv,
  author        = {{Jurcevic}, Petar and {Javadi-Abhari}, Ali and {Bishop}, Lev S. and {Lauer}, Isaac and {Bogorin}, Daniela F. and {Brink}, Markus and {Capelluto}, Lauren and {G{\"u}nl{\"u}k}, Oktay and {Itoko}, Toshinari and {Kanazawa}, Naoki and {Kandala}, Abhinav and {Keefe}, George A. and {Krsulich}, Kevin and {Landers}, William and {Lewandowski}, Eric P. and {McClure}, Douglas T. and {Nannicini}, Giacomo and {Narasgond}, Adinath and {Nayfeh}, Hasan M. and {Pritchett}, Emily and {Rothwell}, Mary Beth and {Srinivasan}, Srikanth and {Sundaresan}, Neereja and {Wang}, Cindy and {Wei}, Ken X. and {Wood}, Christopher J. and {Yau}, Jeng-Bang and {Zhang}, Eric J. and {Dial}, Oliver E. and {Chow}, Jerry M. and {Gambetta}, Jay M.},
  title         = {{Demonstration of quantum volume 64 on a superconducting quantum computing system}},
  year          = {2021},
  month         = {apr},
  archiveprefix = {arXiv},
  eprint        = {2008.08571},
  primaryclass  = {quant-ph},
}


# Letter K

@article{Kandala_2019_Nature,
  author        = {Kandala, Abhinav and Temme, Kristan and C{\'o}rcoles, Antonio D. and Mezzacapo, Antonio and Chow, Jerry M. and Gambetta, Jay M.},
  da            = {2019/03/01},
  date-added    = {2020-04-01 15:41:53 +0200},
  date-modified = {2020-04-01 15:41:53 +0200},
  doi           = {10.1038/s41586-019-1040-7},
  id            = {Kandala2019},
  isbn          = {1476-4687},
  journal       = {Nature},
  number        = {7749},
  pages         = {491--495},
  title         = {Error mitigation extends the computational reach of a noisy quantum processor},
  ty            = {JOUR},
  url           = {https://doi.org/10.1038/s41586-019-1040-7},
  volume        = {567},
  year          = {2019},
}

@article{Knill_2005_Nature,
  title     = {Quantum computing with realistically noisy devices},
  volume    = {434},
  issn      = {1476-4687},
  url       = {https://doi.org/10.1038/nature03350},
  doi       = {10.1038/nature03350},
  number    = {7029},
  journal   = {Nature},
  publisher = {Springer Science and Business Media LLC},
  author    = {Knill, E.},
  year      = {2005},
  month     = {Mar},
  pages     = {39–44},
}

@article{Koczor_2021,
   title={Exponential Error Suppression for Near-Term Quantum Devices},
   volume={11},
   ISSN={2160-3308},
   url={http://dx.doi.org/10.1103/PhysRevX.11.031057},
   DOI={10.1103/physrevx.11.031057},
   number={3},
   journal={Physical Review X},
   publisher={American Physical Society (APS)},
   author={Koczor, Bálint},
   year={2021},
   month=sep }

# Letter L

@article{LaRose_2022_Quantum,
  title     = {Mitiq: A software package for error mitigation on noisy quantum computers},
  author    = {Ryan LaRose and Andrea Mari and Sarah Kaiser and Peter J. Karalekas and Andre A. Alves and Piotr Czarnik and Mohamed El Mandouh and Max H. Gordon and Yousef Hindy and Aaron Robertson and Purva Thakre and Misty Wahl and Danny Samuel and Rahul Mistri and Maxime Tremblay and Nick Gardner and Nathaniel T. Stemen and Nathan Shammah and William J. Zeng},
  journal   = {Quantum},
  year      = {2022},
  month     = {Aug},
  doi       = {10.22331/q-2022-08-11-774},
  url       = {https://doi.org/10.22331/q-2022-08-11-774},
  publisher = {Verein zur Forderung des Open Access Publizierens in den Quantenwissenschaften},
  volume    = {6},
  pages     = {774},
}


@article{Li_2017_PRX,
  title     = {Efficient Variational Quantum Simulator Incorporating Active Error Minimization},
  author    = {Li, Ying and Benjamin, Simon C.},
  journal   = {Phys. Rev. X},
  volume    = {7},
  issue     = {2},
  pages     = {021050},
  numpages  = {14},
  year      = {2017},
  month     = {Jun},
  publisher = {American Physical Society},
  doi       = {10.1103/PhysRevX.7.021050},
  url       = {https://link.aps.org/doi/10.1103/PhysRevX.7.021050},
}

@article{Lowe_2021_PRR,
  title     = {Unified approach to data-driven quantum error mitigation},
  author    = {Lowe, Angus and Gordon, Max Hunter and Czarnik, Piotr and Arrasmith, Andrew and Coles, Patrick J. and Cincio, Lukasz},
  journal   = {Phys. Rev. Research},
  volume    = {3},
  issue     = {3},
  pages     = {033098},
  numpages  = {12},
  year      = {2021},
  month     = {Jul},
  publisher = {American Physical Society},
  doi       = {10.1103/PhysRevResearch.3.033098},
  url       = {https://link.aps.org/doi/10.1103/PhysRevResearch.3.033098},
}


# Letter M

@article{Maciejewski_2020,
  title     = {Mitigation of readout noise in near-term quantum devices by classical post-processing based on detector tomography},
  author    = {Filip B. Maciejewski and Zolt{\'{a}}n Zimbor{\'{a}}s and Micha{\l} Oszmaniec},
  doi       = {10.22331/q-2020-04-24-257},
  url       = {https://doi.org/10.22331%2Fq-2020-04-24-257},
  year      = 2020,
  month     = {apr},
  publisher = {Verein zur Forderung des Open Access Publizierens in den Quantenwissenschaften},
  volume    = {4},
  pages     = {257},
  journal   = {Quantum},
}

@article{Mari_2021_PRA,
  title     = {Extending quantum probabilistic error cancellation by noise scaling},
  author    = {Mari, Andrea and Shammah, Nathan and Zeng, William J.},
  journal   = {Phys. Rev. A},
  volume    = {104},
  issue     = {5},
  pages     = {052607},
  numpages  = {12},
  year      = {2021},
  month     = {Nov},
  publisher = {American Physical Society},
  doi       = {10.1103/PhysRevA.104.052607},
  url       = {https://link.aps.org/doi/10.1103/PhysRevA.104.052607},
}

@article{McArdle_2019_PRL,
  title     = {Error-Mitigated Digital Quantum Simulation},
  author    = {McArdle, Sam and Yuan, Xiao and Benjamin, Simon},
  journal   = {Phys. Rev. Lett.},
  volume    = {122},
  issue     = {18},
  pages     = {180501},
  numpages  = {6},
  year      = {2019},
  month     = {May},
  publisher = {American Physical Society},
  doi       = {10.1103/PhysRevLett.122.180501},
  url       = {https://link.aps.org/doi/10.1103/PhysRevLett.122.180501},
}

@article{McClean_2017_PRA,
  title     = {Hybrid quantum-classical hierarchy for mitigation of decoherence and determination of excited states},
  author    = {McClean, Jarrod R. and Kimchi-Schwartz, Mollie E. and Carter, Jonathan and de Jong, Wibe A.},
  journal   = {Phys. Rev. A},
  volume    = {95},
  issue     = {4},
  pages     = {042308},
  numpages  = {10},
  year      = {2017},
  month     = {Apr},
  publisher = {American Physical Society},
  doi       = {10.1103/PhysRevA.95.042308},
  url       = {https://link.aps.org/doi/10.1103/PhysRevA.95.042308},
}

@article{McClean_2020_NatComm,
  title     = {Decoding quantum errors with subspace expansions},
  volume    = {11},
  issn      = {2041-1723},
  url       = {https://doi.org/10.1038/s41467-020-14341-w},
  doi       = {10.1038/s41467-020-14341-w},
  number    = {1},
  journal   = {Nature Communications},
  publisher = {Springer Science and Business Media LLC},
  author    = {McClean, Jarrod R. and Jiang, Zhang and Rubin, Nicholas C. and Babbush, Ryan and Neven, Hartmut},
  year      = {2020},
  month     = {Jan},
}

@article{Mooney_2021,
  title     = {Generation and verification of 27-qubit Greenberger-Horne-Zeilinger states in a superconducting quantum computer},
  author    = {Gary J Mooney and Gregory A L White and Charles D Hill and Lloyd C L Hollenberg},
  doi       = {10.1088/2399-6528/ac1df7},
  url       = {https://dx.doi.org/10.1088/2399-6528/ac1df7},
  year      = {2021},
  month     = {sep},
  publisher = {IOP Publishing},
  volume    = {5},
  number    = {9},
  pages     = {095004},
  journal   = {Journal of Physics Communications},
}


@article{Motta_2020_NatPhys,
  author        = {Motta, Mario and Sun, Chong and Tan, Adrian T. K. and O'Rourke, Matthew J. and Ye, Erika and Minnich, Austin J. and Brand{\~a}o, Fernando G. S. L. and Chan, Garnet Kin-Lic},
  da            = {2020/02/01},
  date-added    = {2020-04-23 18:38:25 +0200},
  date-modified = {2020-04-23 18:38:25 +0200},
  doi           = {10.1038/s41567-019-0756-5},
  id            = {Motta2020},
  isbn          = {1745-2481},
  journal       = {Nature Physics},
  number        = {2},
  pages         = {231--231},
  title         = {Publisher Correction: Determining eigenstates and thermal states on a quantum computer using quantum imaginary time evolution},
  ty            = {JOUR},
  url           = {https://doi.org/10.1038/s41567-019-0756-5},
  volume        = {16},
  year          = {2020},
  bdsk-url-1    = {https://doi.org/10.1038/s41567-019-0756-5},
}


# Letter N
@article{Nielsen_2002,
   title={A simple formula for the average gate fidelity of a quantum dynamical operation},
   volume={303},
   ISSN={0375-9601},
   url={http://dx.doi.org/10.1016/S0375-9601(02)01272-0},
   DOI={10.1016/s0375-9601(02)01272-0},
   number={4},
   journal={Physics Letters A},
   publisher={Elsevier BV},
   author={Nielsen, Michael A},
   year={2002},
   month=oct, pages={249–252} }

# Letter O

@article{OMalley_2016_PRX,
  title     = {Scalable Quantum Simulation of Molecular Energies},
  author    = {O'Malley, P. J. J. and Babbush, R. and Kivlichan, I. D. and Romero, J. and McClean, J. R. and Barends, R. and Kelly, J. and Roushan, P. and Tranter, A. and Ding, N. and Campbell, B. and Chen, Y. and Chen, Z. and Chiaro, B. and Dunsworth, A. and Fowler, A. G. and Jeffrey, E. and Lucero, E. and Megrant, A. and Mutus, J. Y. and Neeley, M. and Neill, C. and Quintana, C. and Sank, D. and Vainsencher, A. and Wenner, J. and White, T. C. and Coveney, P. V. and Love, P. J. and Neven, H. and Aspuru-Guzik, A. and Martinis, J. M.},
  journal   = {Phys. Rev. X},
  volume    = {6},
  issue     = {3},
  pages     = {031007},
  numpages  = {13},
  year      = {2016},
  month     = {Jul},
  publisher = {American Physical Society},
  doi       = {10.1103/PhysRevX.6.031007},
  url       = {https://link.aps.org/doi/10.1103/PhysRevX.6.031007},
}

# Letter P
@article{Parrish_2019_PRL,
  title     = {Quantum Computation of Electronic Transitions Using a Variational Quantum Eigensolver},
  author    = {Parrish, Robert M. and Hohenstein, Edward G. and McMahon, Peter L. and Mart\'{\i}nez, Todd J.},
  journal   = {Phys. Rev. Lett.},
  volume    = {122},
  issue     = {23},
  pages     = {230401},
  numpages  = {6},
  year      = {2019},
  month     = {Jun},
  publisher = {American Physical Society},
  doi       = {10.1103/PhysRevLett.122.230401},
  url       = {https://link.aps.org/doi/10.1103/PhysRevLett.122.230401},
}

@article{Pashayan_2015_PRL,
  title     = {Estimating Outcome Probabilities of Quantum Circuits Using Quasiprobabilities},
  author    = {Pashayan, Hakop and Wallman, Joel J. and Bartlett, Stephen D.},
  journal   = {Phys. Rev. Lett.},
  volume    = {115},
  issue     = {7},
  pages     = {070501},
  numpages  = {5},
  year      = {2015},
  month     = {Aug},
  publisher = {American Physical Society},
  doi       = {10.1103/PhysRevLett.115.070501},
  url       = {https://link.aps.org/doi/10.1103/PhysRevLett.115.070501},
}

@inproceedings{Patel_2022_ACM,
  author    = {Patel, Tirthak and Younis, Ed and Iancu, Costin and de Jong, Wibe and Tiwari, Devesh},
  title     = {QUEST: Systematically Approximating Quantum Circuits for Higher Output Fidelity},
  year      = {2022},
  isbn      = {9781450392051},
  publisher = {Association for Computing Machinery},
  address   = {New York, NY, USA},
  doi       = {10.1145/3503222.3507739},
  booktitle = {Proceedings of the 27th ACM International Conference on Architectural Support for Programming Languages and Operating Systems},
  pages     = {514–528},
  numpages  = {15},
  series    = {ASPLOS '22},
}

@article{Piveteau_2021_PRL,
  title = {Error Mitigation for Universal Gates on Encoded Qubits},
  author = {Piveteau, Christophe and Sutter, David and Bravyi, Sergey and Gambetta, Jay M. and Temme, Kristan},
  journal = {Phys. Rev. Lett.},
  volume = {127},
  issue = {20},
  pages = {200505},
  numpages = {6},
  year = {2021},
  month = {Nov},
  publisher = {American Physical Society},
  doi = {10.1103/PhysRevLett.127.200505},
  url = {https://link.aps.org/doi/10.1103/PhysRevLett.127.200505}
}

@article{Pokharel_2018_PRL,
  title     = {Demonstration of Fidelity Improvement Using Dynamical Decoupling with Superconducting Qubits},
  author    = {Pokharel, Bibek and Anand, Namit and Fortman, Benjamin and Lidar, Daniel A.},
  journal   = {Phys. Rev. Lett.},
  volume    = {121},
  issue     = {22},
  pages     = {220502},
  numpages  = {6},
  year      = {2018},
  month     = {Nov},
  publisher = {American Physical Society},
  doi       = {10.1103/PhysRevLett.121.220502},
  url       = {https://link.aps.org/doi/10.1103/PhysRevLett.121.220502},
}


@article{Preskill_2018_Quantum,
  title     = {Quantum Computing in the {N}{I}{S}{Q} era and beyond},
  volume    = {2},
  issn      = {2521-327X},
  url       = {https://doi.org/10.22331/q-2018-08-06-79},
  doi       = {10.22331/q-2018-08-06-79},
  journal   = {Quantum},
  publisher = {Verein zur Forderung des Open Access Publizierens in den Quantenwissenschaften},
  author    = {Preskill, John},
  year      = {2018},
  month     = {Aug},
  pages     = {79},
}

@article{Proctor_2021_NatPhys,
  doi       = {10.1038/s41567-021-01409-7},
  url       = {https://doi.org/10.1038%2Fs41567-021-01409-7},
  year      = 2021,
  month     = {dec},
  publisher = {Springer Science and Business Media {LLC}},
  volume    = {18},
  number    = {1},
  pages     = {75--79},
  author    = {Timothy Proctor and Kenneth Rudinger and Kevin Young and Erik Nielsen and Robin Blume-Kohout},
  title     = {Measuring the capabilities of quantum computers},
  journal   = {Nature Physics},
}
# Letter Q
# Letter R
@misc{Russo_2022_Testing,
  title     = {Testing platform-independent quantum error mitigation on noisy quantum computers},
  author    = {Russo, Vincent and Mari, Andrea and Shammah, Nathan and LaRose, Ryan and Zeng, William J.},
  doi       = {10.48550/ARXIV.2210.07194},
  url       = {https://arxiv.org/abs/2210.07194},
  publisher = {arXiv},
  year      = {2022},
  copyright = {arXiv.org perpetual, non-exclusive license},
}

@misc{Russo_2024_LRE,
      title={Quantum error mitigation by layerwise Richardson extrapolation}, 
      author={Vincent Russo and Andrea Mari},
      year={2024},
      eprint={2402.04000},
      archivePrefix={arXiv},
      primaryClass={quant-ph}
}

# Letter S

@article{Sagastizabal_2019_PRA,
  title     = {Experimental error mitigation via symmetry verification in a variational quantum eigensolver},
  author    = {Sagastizabal, R. and Bonet-Monroig, X. and Singh, M. and Rol, M. A. and Bultink, C. C. and Fu, X. and Price, C. H. and Ostroukh, V. P. and Muthusubramanian, N. and Bruno, A. and Beekman, M. and Haider, N. and O'Brien, T. E. and DiCarlo, L.},
  journal   = {Phys. Rev. A},
  volume    = {100},
  issue     = {1},
  pages     = {010302},
  numpages  = {6},
  year      = {2019},
  month     = {Jul},
  publisher = {American Physical Society},
  doi       = {10.1103/PhysRevA.100.010302},
  url       = {https://link.aps.org/doi/10.1103/PhysRevA.100.010302},
}


@misc{Saki_2023_arxiv,
      title={Hypothesis Testing for Error Mitigation: How to Evaluate Error Mitigation}, 
      author={Abdullah Ash Saki and Amara Katabarwa and Salonik Resch and George Umbrarescu},
      year={2023},
      eprint={2301.02690},
      archivePrefix={arXiv},
      primaryClass={quant-ph}
}


@article{Serbyn_2021_NatPhys,
	author = {Serbyn, Maksym and Abanin, Dmitry A. and Papi{\'c}, Zlatko},
	da = {2021/06/01},
	date-added = {2023-06-24 12:47:15 +0200},
	date-modified = {2023-06-24 12:47:15 +0200},
	doi = {10.1038/s41567-021-01230-2},
	id = {Serbyn2021},
	isbn = {1745-2481},
	journal = {Nature Physics},
	number = {6},
	pages = {675--685},
	title = {Quantum many-body scars and weak breaking of ergodicity},
	ty = {JOUR},
	url = {https://doi.org/10.1038/s41567-021-01230-2},
	volume = {17},
	year = {2021},
	Bdsk-Url-1 = {https://doi.org/10.1038/s41567-021-01230-2}}


@article{Schlosshauer_2019,
	doi       = {10.1016/j.physrep.2019.10.001},
	url       = {https://doi.org/10.1016%2Fj.physrep.2019.10.001},
	year      = {2019},
	month     = {oct},
	publisher = {Elsevier BV},
	volume    = {831},
	pages     = {1--57},
	author    = {Maximilian Schlosshauer},
	title     = {Quantum decoherence},
	journal   = {Physics Reports}
}

@article{Shuaining_2020_NatComm,
  title     = {Error-mitigated quantum gates exceeding physical fidelities in a trapped-ion system},
  volume    = {11},
  issn      = {2041-1723},
  url       = {http://dx.doi.org/10.1038/s41467-020-14376-z},
  doi       = {10.1038/s41467-020-14376-z},
  number    = {1},
  journal   = {Nature Communications},
  publisher = {Springer Science and Business Media LLC},
  author    = {Zhang, Shuaining and Lu, Yao and Zhang, Kuan and Chen, Wentao and Li, Ying and Zhang, Jing-Ning and Kim, Kihwan},
  year      = {2020},
  month     = {Jan},
}

@misc{Smith_2021_arxiv,
  author        = {{Smith}, Kaitlin N. and {Subramanian Ravi}, Gokul and {Murali}, Prakash and {Baker}, Jonathan M. and {Earnest}, Nathan and {Javadi-Abhari}, Ali and {Chong}, Frederic T.},
  title         = {{Error Mitigation in Quantum Computers through Instruction Scheduling}},
  year          = {2021},
  month         = {may},
  archiveprefix = {arXiv},
  eprint        = {2105.01760},
  primaryclass  = {quant-ph},
}

@article{Strikis_2021_PRXQuantum,
  title     = {Learning-Based Quantum Error Mitigation},
  volume    = {2},
  issn      = {2691-3399},
  url       = {http://dx.doi.org/10.1103/PRXQuantum.2.040330},
  doi       = {10.1103/prxquantum.2.040330},
  number    = {4},
  journal   = {PRX Quantum},
  publisher = {American Physical Society (APS)},
  author    = {Strikis, Armands and Qin, Dayue and Chen, Yanzhu and Benjamin, Simon C. and Li, Ying},
  year      = {2021},
  month     = {Nov},
}

@article{Sun_2021_PRAppl,
  title     = {Mitigating Realistic Noise in Practical Noisy Intermediate-Scale Quantum Devices},
  author    = {Sun, Jinzhao and Yuan, Xiao and Tsunoda, Takahiro and Vedral, Vlatko and Benjamin, Simon C. and Endo, Suguru},
  journal   = {Phys. Rev. Applied},
  volume    = {15},
  issue     = {3},
  pages     = {034026},
  numpages  = {23},
  year      = {2021},
  month     = {Mar},
  publisher = {American Physical Society},
  doi       = {10.1103/PhysRevApplied.15.034026},
  url       = {https://link.aps.org/doi/10.1103/PhysRevApplied.15.034026},
}

@article{Suzuki_2022_PRX,
  title = {Quantum Error Mitigation as a Universal Error Reduction Technique: Applications from the NISQ to the Fault-Tolerant Quantum Computing Eras},
  author = {Suzuki, Yasunari and Endo, Suguru and Fujii, Keisuke and Tokunaga, Yuuki},
  journal = {PRX Quantum},
  volume = {3},
  issue = {1},
  pages = {010345},
  numpages = {33},
  year = {2022},
  month = {Mar},
  publisher = {American Physical Society},
  doi = {10.1103/PRXQuantum.3.010345},
  url = {https://link.aps.org/doi/10.1103/PRXQuantum.3.010345}
}

# Letter T

@article{Takagi_2020_PRR,
  title     = {Optimal resource cost for error mitigation},
  volume    = {3},
  issn      = {2643-1564},
  url       = {http://dx.doi.org/10.1103/PhysRevResearch.3.033178},
  doi       = {10.1103/physrevresearch.3.033178},
  number    = {3},
  journal   = {Physical Review Research},
  publisher = {American Physical Society (APS)},
  author    = {Takagi, Ryuji},
  year      = {2021},
  month     = {Aug},
}

@article{Temme_2017_PRL,
  title     = {Error Mitigation for Short-Depth Quantum Circuits},
  volume    = {119},
  issn      = {1079-7114},
  url       = {https://doi.org/10.1103/PhysRevLett.119.180509},
  doi       = {10.1103/physrevlett.119.180509},
  number    = {18},
  journal   = {Physical Review Letters},
  publisher = {American Physical Society (APS)},
  author    = {Temme, Kristan and Bravyi, Sergey and Gambetta, Jay M.},
  year      = {2017},
  month     = {Nov},
}


# Letter U
@article{Urbanek_2021_PRL,
  title = {Mitigating Depolarizing Noise on Quantum Computers with Noise-Estimation Circuits},
  author = {Urbanek, Miroslav and Nachman, Benjamin and Pascuzzi, Vincent R. and He, Andre and Bauer, Christian W. and de Jong, Wibe A.},
  journal = {Phys. Rev. Lett.},
  volume = {127},
  issue = {27},
  pages = {270502},
  numpages = {6},
  year = {2021},
  month = {Dec},
  publisher = {American Physical Society},
  doi = {10.1103/PhysRevLett.127.270502},
  url = {https://link.aps.org/doi/10.1103/PhysRevLett.127.270502}
}

# Letter V
@article{Viola_1999_PRL,
  title     = {Dynamical Decoupling of Open Quantum Systems},
  volume    = {82},
  issn      = {1079-7114},
  url       = {https://doi.org/10.1103/PhysRevLett.82.2417},
  doi       = {10.1103/physrevlett.82.2417},
  number    = {12},
  journal   = {Physical Review Letters},
  publisher = {American Physical Society (APS)},
  author    = {Viola, Lorenza and Knill, Emanuel and Lloyd, Seth},
  year      = {1999},
  month     = {Mar},
  pages     = {2417–2421},
}

@article{Viola_1998_PRA,
  title     = {Dynamical suppression of decoherence in two-state quantum systems},
  author    = {Viola, Lorenza and Lloyd, Seth},
  journal   = {Phys. Rev. A},
  volume    = {58},
  issue     = {4},
  pages     = {2733--2744},
  numpages  = {0},
  year      = {1998},
  month     = {Oct},
  publisher = {American Physical Society},
  doi       = {10.1103/PhysRevA.58.2733},
  url       = {https://link.aps.org/doi/10.1103/PhysRevA.58.2733},
}


# Letter W
@article{Wallman_2014,
   title={Randomized benchmarking with confidence},
   volume={16},
   ISSN={1367-2630},
   url={http://dx.doi.org/10.1088/1367-2630/16/10/103032},
   DOI={10.1088/1367-2630/16/10/103032},
   number={10},
   journal={New Journal of Physics},
   publisher={IOP Publishing},
   author={Wallman, Joel J and Flammia, Steven T},
   year={2014},
   month=oct, pages={103032} }

@article{Wallman_2016_PRA,
  title     = {Noise tailoring for scalable quantum computation via randomized compiling},
  author    = {Wallman, Joel J. and Emerson, Joseph},
  journal   = {Phys. Rev. A},
  volume    = {94},
  issue     = {5},
  pages     = {052325},
  numpages  = {9},
  year      = {2016},
  month     = {Nov},
  publisher = {American Physical Society},
  doi       = {10.1103/PhysRevA.94.052325},
  url       = {https://link.aps.org/doi/10.1103/PhysRevA.94.052325},
}

@misc{Wahl_2023_arXiv_ds_zne,
      title={Zero noise extrapolation on logical qubits by scaling the error correction code distance}, 
      author={Misty A. Wahl and Andrea Mari and Nathan Shammah and William J. Zeng and Gokul Subramanian Ravi},
      year={2023},
      eprint={2304.14985},
      archivePrefix={arXiv},
      primaryClass={quant-ph}
}

@book{Wong_2022,
  title     = {Introduction to Classical and Quantum Computing},
  author    = {Wong, Thomas G.},
  isbn      = {9798985593105},
  lccn      = {2022900358},
  year      = {2022},
  publisher = {Rooted Grove},
}
# Letter X
# Letter Y
# Letter Z
@article{Zhang_2020_NatComm,
  title     = {Error-mitigated quantum gates exceeding physical fidelities in a trapped-ion system},
  volume    = {11},
  issn      = {2041-1723},
  url       = {https://doi.org/10.1038/s41467-020-14376-z},
  doi       = {10.1038/s41467-020-14376-z},
  number    = {1},
  journal   = {Nature Communications},
  publisher = {Springer Science and Business Media LLC},
  author    = {Zhang, Shuaining and Lu, Yao and Zhang, Kuan and Chen, Wentao and Li, Ying and Zhang, Jing-Ning and Kim, Kihwan},
  year      = {2020},
  month     = {Jan},
}

@article{Zhang_2014_PRL,
  title     = {Protected Quantum Computing: Interleaving Gate Operations with Dynamical Decoupling Sequences},
  author    = {Zhang, Jingfu and Souza, Alexandre M. and Brandao, Frederico Dias and Suter, Dieter},
  journal   = {Phys. Rev. Lett.},
  volume    = {112},
  issue     = {5},
  pages     = {050502},
  numpages  = {5},
  year      = {2014},
  month     = {Feb},
  publisher = {American Physical Society},
  doi       = {10.1103/PhysRevLett.112.050502},
  url       = {https://link.aps.org/doi/10.1103/PhysRevLett.112.050502},
}

@misc{Zurek_2003_arxiv,
  title     = {Decoherence and the transition from quantum to classical -- REVISITED},
  author    = {Zurek, Wojciech H.},
  year={2003},
  eprint={quant-ph/0306072},
  archivePrefix={arXiv},
  primaryClass={quant-ph}
}

@article{huang2020predicting,
  title={Predicting many properties of a quantum system from very few measurements},
  author={Huang, Hsin-Yuan and Kueng, Richard and Preskill, John},
  journal={Nature Physics},
  volume={16},
  number={10},
  pages={1050--1057},
  year={2020},
  publisher={Nature Publishing Group UK London}
}

@article{chen2021robust,
  title={Robust shadow estimation},
  author={Chen, Senrui and Yu, Wenjun and Zeng, Pei and Flammia, Steven T},
  journal={PRX Quantum},
  volume={2},
  number={3},
  pages={030348},
  year={2021},
  publisher={APS}
}

@inproceedings{aaronson2018shadow,
  title={Shadow tomography of quantum states},
  author={Aaronson, Scott},
  booktitle={Proceedings of the 50th annual ACM SIGACT symposium on theory of computing},
  pages={325--338},
  year={2018}
}

@article{hu2023classical,
  title={Classical shadow tomography with locally scrambled quantum dynamics},
  author={Hu, Hong-Ye and Choi, Soonwon and You, Yi-Zhuang},
  journal={Physical Review Research},
  volume={5},
  number={2},
  pages={023027},
  year={2023},
  publisher={APS}
}

@article{harrow2013church,
  title={The church of the symmetric subspace},
  author={Harrow, Aram W},
  journal={arXiv preprint arXiv:1308.6595},
  year={2013}
}

@article{Sopena_2023_Quantum,
	doi = {10.1088/2058-9565/ac0e7a},
  url = {https://doi.org/10.1088%2F2058-9565%2Fac0e7a},
  year = 2021,
	month = {jul},
  publisher = {{IOP} Publishing},
  volume = {6},
	number = {4},
	pages = {045003},
	author = {Alejandro Sopena and Max Hunter Gordon and Germ{\'{a}
}n Sierra and Esperanza L{\'{o}}pez},
	title = {Simulating quench dynamics on a digital quantum computer with data-driven error mitigation},
	journal = {Quantum Science and Technology}
}
